 %**********************************************************************************************************************

@article{wischmeier1959,
  author = {W.H. Wischmeier},
  journal = {Soil Science Society of America Journal},
  title = {A Rainfall Erosion Index for a Universal Soil-Loss Equation},
  year = {1959},
  pages = {246-},
  volume = {vol. 23},
  number = {issue 3},
  ISSN = {03615995},
  DOI = {10.2136/sssaj1959.03615995002300030027x},
  URL = {https://www.soils.org/publications/sssaj/abstracts/23/3/SS0230030246},
}

@book{usle1978,
  title={Predicting Rainfall Erosion Losses: A Guide to Conservation Planning},
  author={W.H. Wischmeier and D.D. Smith},
  series={Agriculture handbook no. 537},
  url={https://www.ars.usda.gov/ARSUserFiles/50201000/USLEDatabase/AH_537.pdf},
  address = {USA},
  year={1978},
  publisher={Science and Education Administration, U.S. Department of Agriculture}
}

@book{janecek2012,
  author = {Miloslav JaneČek},
  title = {Ochrana zemědělské půdy před erozí},
  subtitle = {Autorizovaná metodika},
  publisher = {ČZU},
  address = {Praha},
  year = {2012},
  edition = {1. vyd.},
  ISBN = {9788087415429},
}

@book{rusle1997,
  title={Predicting soil erosion by water: a guide to conservation planning with the Revised Universal Soil Loss Equation (RUSLE)},
  author={K.G. Renard and G.R. Foster and G.A. Weesies and D.K. McCool and D.C. Yoder and others},
  volume={703},
  year={1997},
  publisher={US Government Printing Office},
  address = {Washington, DC}
}

@book{Dostal2014,
  author = {Tomáš DostÁl},
  title = {Využití dat a nástrojů GIS a simulačních modelů k navrhování TPEO},
  subtitle = {metodika},
  publisher = {Výzkumný ústav meliorací a ochrany půdy},
  address = {Praha},
  year = {2014},
  edition = {1. vyd.},
  ISBN = {9788087361306},
}

@book{Nemecek2001,
  author = {Jan NĚmeČek},
  title = {Taxonomický klasifikační systém půd České republiky},
  publisher = {Česká zemědělská univerzita},
  address = {Praha},
  year = {2001},
  edition = {Vyd. 1.},
  ISBN = {8023880616},
}

@book{Krasa2010,
  author = {Josef KrÁsa},
  title = {Empirické modely vodní eroze v ČR},
  subtitle = {nástroje, data, možnosti a rizika výpočtů},
  address = {Praha},
  year = {2010},
  publisher = {ČVUT v Praze, Fakulta stavební},
  type = {Habilitační práce},
}

@book{Mitasova1998,
  author = {H. Mitasova and L. Mitas and W.M. Brown and D.M. Johnston},
  title = {Multidimensional soil erosion/deposition modeling and visualization using GIS},
  address = {Urbana, Ililinois},
  year = {1998},
  publisher = {Geographic Modeling and Systems Laboratory, University of Illinois at Urbana-Champaign, for U.S. Army Construction Engineering Research Laboratories},
  type = {Final report 1993 – 1998},
}

@book{Kadlec2014,
  author = {Václav Kadlec},
  title = {Navrhování technických protierozních opatření},
  subtitle = {metodika},
  publisher = {Výzkumný ústav meliorací a ochrany půdy},
  address = {Praha},
  year = {2014},
  edition = {1. vyd.},
  ISBN = {9788087361290},
}

@book{Holy1994,
  author = {Miloš HolÝ},
  title = {Eroze a životní prostředí},
  publisher = {České vysoké učení technické},
  address = {Praha},
  year = {1994},
  edition = {1. vyd.},
  ISBN = {8001010783},
}

@book{Novotny2014,
  author = {Ivan NovotnÝ},
  title = {Příručka ochrany proti vodní erozi},
  subtitle = {[aktualizované znění - leden 2014]},
  publisher = {Ministerstvo zemědělství},
  address = {Praha},
  year = {2014},
  edition = {2., aktualiz. vyd.},
  ISBN = {9788087361337},
}

@book{Egan2006,
  author = {Timothy Egan},
  title = {The Worst Hard Time},
  subtitle = {The Untold Story of Those Who Survived the Great American Dust Bowl},
  publisher = {Houghton Mifflin Company},
  address = {Boston, New York},
  year = {2006},
  edition = {1st ed.},
  ISBN = {978-0-618-77347-3},
}

@book{Bonnifield1979,
  author = {Mathew Paul Bonnifield},
  title = {The Dust Bowl},
  subtitle = {Men, Dirt, And Depression},
  publisher = {University of New Mexico Press},
  address = {Albuquerque},
  year = {1979},
  edition = {1st ed.},
  ISBN = {0826304850},
}

@article{browning1947,
  title={Method for determining the use of limitations of rotation and conservation practices in the control of soil erosion in Iowa},
  author={G.M. Browning and C.L. Parish and J. Glass},
  journal={Journal of the American Society of agronomy},
  year={1947}
}

@article{Smith1941,
  author = {D.D. Smith},
  journal = {Agricultural Engineering},
  title = {Interpretation of Soil Conservation Datafor Field Use},
  year = {1941},
  pages = {173-175},
  volume = {22},
  number = {5},
}

@article{MUSGRAVE1947,
  author = {G.W. MUSGRAVE},
  journal = {Journal Of Soil And Conservation},
  title = {The Quantitative Evaluation of Factors in Water Erosion},
  subtitle = {A First Apporoximation},
  address = {USA},
  year = {1947},
  pages = {133-138},
  volume = {2},
  number = {2},
}

@article{ZINGG1940,
  author = {A.W. ZINGG},
  journal = {Agricultural engineering},
  title = {Degree and length of land slope as it affects soil loss in run-off.},
  year = {1940},
  pages = {59-64},
  volume = {22},
}

@article{musle1945,
    author = {J.R. Williams},
    pages = {244-252},
    journal = {U.S. Dept. Agric.},
    title = {Sediment-yield prediction with Universal Equation using runoff energy factor},
    url = {http://mfkp.org/INRMM/article/13481135},
    volume = {ARS-S-40},
    year = {1975}
}

@book{Novotny2013,
  author = {Ivan NovotnÝ and Jan Vopravil},
  title = {Metodika mapování a aktualizace bonitovaných půdně ekologických jednotek},
  subtitle = {bonitace zemědělského půdního fondu},
  publisher = {Výzkumný ústav meliorací a ochrany půdy},
  address = {Praha},
  year = {2013},
  edition = {4., přeprac. a dopl. vyd.},
  ISBN = {9788087361214},
}

@Book{rapidPyQt,
  title=	{Rapid GUI Programming with Python and Qt: The Definitive Guide to PyQt Programming},
  author=	{Mark Summerfield},
  address = {New Jersey},
  publisher=	{Prentice Hall},
  year=		{2015},
  isbn =	{9780134393339},
  }

@Book{diveIntoPython,
  title=	{Dive Into Python},
  author=	{Mark Pilgrim}, 
  address = {Apex},
  publisher=	{Apress},
  year=		{2004},
  isbn =	{9781590593561},
}

@Book{masteringQgis,
  title  =	{Mastering QGIS},
  author=	{Kurt Menke and Luigi Pirelli and Richard Smith and John Van Hoesen},
  address = {Birmingham},
  publisher = {Packt Publishing},
  year =        {2015},
  isbn=      {9781784398682}
}

@Book{learningPython,
 title = {Learning Python},
 author= {Mark Lutz and David Ascher},
 address = {Sebastopol},
 publisher = {O'Reilly and Associates, Inc.},
 year = {2009},
 isbn = {9788184048261},
}

@Book{qt,
 title = {Grafická uživatelská rozhraní v Qt a C++},
 author= {Martin Chroboczek},
 address = {Brno},
 publisher = {Computer Press},
 year = {2013},
 isbn = {9788025141243},
}

@Book{masteringPycharm,
 title = {Mastering PyCharm},
 author= {Quazi Nafiul Islam},
 address = {Brno},
 publisher = {Packt},
 year = {2015},
 isbn = {9781783551316},
}

@Book{introducingGithub,
 title = {Introducing GitHub: A Non-Technical Guide},
 author= {Brent Beer and Peter Bell},
 address = {Newton, Massachusetts, USA},
 publisher = {O'Reilly Media},
 year = {2017},
 isbn = {9781783551316},
}

@Book{grass,
 title = {Open Source GIS: A GRASS GIS Approach},
 author= {Markus Neteler and Helena Mitasova},
 address = {New York, USA},
 publisher = {Springer},
 year = {2008},
 isbn = {9780387357676},
}

@Online{vumop,
  key	=	{zweb:vyzkumny},
  title = {Výzkumný ústav meliorací a ochrany půdy, v.v.i.a},
  publisher = {VÚMOP},
  address = {Praha},
  cited = {2017-05-15},
  URL = {http://www.vumop.cz}
}

@Online{sowac,
  key	=	{zweb:geoportal},
  title = {Geoportál SOWAC GIS},
  publisher = {VÚMOP},
  address = {Praha},
  cited = {2017-05-15},
  URL = {http://geoportal.vumop.cz/},
}

@Online{kalkulacka,
  key	=	{zweb:protierozni},
  title = {Protierozní kalkulačka},
  publisher = {VÚMOP},
  address = {Praha},
  cited = {2017-05-15},
  URL = {http://kalkulacka.vumop.cz},
}
@Online{bpej_vumop,
  key	=	{zweb:ekatalog},
  title = {eKatalog BPEJ},
  publisher = {VÚMOP},
  address = {Praha},
  cited = {2017-05-15},
  URL = {http://bpej.vumop.cz},
}

@Online{lpis,
  key	=	{zweb:registrpudy},
  title = {Registr půdy LPIS},
  publisher = {eAGRI},
  address = {Praha},
  cited = {2017-05-15},
  URL = {http://eagri.cz/public/web/mze/farmar/LPIS/},
}

@Online{spucr,
  key	=	{zweb:statnipozemkovy},
  title = {Státní pozemkový úřad České republiky},
  publisher = {SPÚ ČR},
  address = {Praha},
  cited = {2017-05-15},
  URL = {http://www.spucr.cz/bpej/celostatni-databaze-bpej},
}


@Online{AOPAK,
  key	=	{zweb:agenturaochrany},
 title={Agentura ochrany přírody a krajiny České republiky - pracoviště Střední Čechy},
 cited = {2017-05-15}, 
 url={http://strednicechy.ochranaprirody.cz/pece-o-vodni-rezim-krajiny/ochrana-prirodnich-vodnich-toku/ochrana-prirodnich-potoku}
}

@Online{stackexchange,
  key	=	{zweb:gisstack},
 title={GIS Stack Exchange},
 cited = {2017-05-23}, 
 url={https://gis.stackexchange.com}
}

@Online{wikicommons,
  key	=	{zweb:wikicommons},
 title={Wikimedia Commons},
 cited = {2017-05-15}, 
 url={https://commons.wikimedia.org}
}

@Online{usda_ars,
  key	=	{zweb:unitedstatesdepartment},
 title={United States Department of Agriculture - Agricultural Research Service},
 cited = {2017-05-15}, 
 url={https://www.ars.usda.gov/midwest-area/west-lafayette-in/national-soil-erosion-research/docs/usle-database/usle-history}
}

@Online{atlas_e,
  key	=	{zweb:atlaseroze},
 title={Atlas DMT Eroze},
 cited = {2017-05-15}, 
 url={http://www.atlasltd.cz/eroze.html}
}

@Online{cuzk,
  key	=	{zweb:geoportalcuzk},
 title={Geoportál ČÚZK},
 cited = {2017-05-15}, 
 url={http://geoportal.cuzk.cz/}
}

@Online{github,
  key	=	{zweb:github},
 title={GitHub},
 cited = {2017-05-23}, 
 url={https://github.com}
}

@Online{mujgithub,
  key	=	{zweb:projektsoilerosion},
 title={Projekt Soil Erosion Plugin na GitHub},
 cited = {2017-05-23}, 
 url={https://github.com/ctu-geoforall-lab-projects/bp-novotny-2017}
}

@Online{erosiongithub,
  key	=	{zweb:projekterosion},
 title={Projekt Erosion Plugin na GitHub},
 cited = {2017-05-23}, 
 url={https://github.com/ctu-geoforall-lab-sandbox/qgis-erosion-plugin-wps}
}

@Online{gismentors,
  key	=	{zweb:gismentorsvypocet},
 title={Gismentors - Výpočet USLE pomocí GRASS GIS},
 cited = {2017-05-23}, 
 url={http://training.gismentors.eu/grass-gis-pokrocily/hydrologie/usle.html}
}

@Online{gismentorsdmr,
  key	=	{zweb:gismentorsdmr},
 title={Gismentors - Tvorba DMR a DMT},
 cited = {2017-05-28}, 
 url={http://training.gismentors.eu/grass-gis-pokrocily/lidar/dmr-dmp-cuzk.html}
}

@Online{qgisuserdiscussion,
 key	=	{zweb:qgisuserdiscussion},
 title={QGIS User DiscussionList},
 cited = {2017-05-28}, 
 url={https://lists.osgeo.org/mailman/listinfo/qgis-user}
}
